
@book{MeierCircovac1900,
	address = {The Hague},
	author = {Meier, Hans and Ćircovac, Damir},
	publisher = {Mouton},
	sortname = {Meier, Hans and Circovac, Damir},
	title = {Toastbrot},
	year = {1957}
}

@book{Comrie1981,
	address = {Oxford},
	author = {Bernard Comrie},
	publisher = {Basil Blackwell},
	title = {Language Universals and Linguistic Typology},
	year = {1981}
}

@book{Circov1900,
	address = {The Hague},
	author = {Ćircov, Boban},
	publisher = {Mouton},
	sortname = {Circov, Boban},
	title = {{Proceedings of Test Conference TCx3II}},
	year = {1957}
}

@book{Chomsky1957,
	address = {The Hague},
	author = {Noam Chomsky},
	publisher = {Mouton},
	title = {Syntactic structures},
	year = {1957}
}